% This file was created with JabRef 2.7b.
% Encoding: UTF-8

@ARTICLE{nmk,
  author = {S. Nigam and C. Majumdar and S.K. Kulshrestha},
  title = {The itinerant coherent potential approximation},
  journal = { Phys. Rev. B},
  year = {2007},
  volume = {76},
  pages = {193430},
  month = {  },
  issue = { },
  numpages = { },
  publisher = {APS}
}
@ARTICLE{ica,
  author = {Subhradip Ghosh and P.L.Leath and M.H.Cohen},
  title = {The itinerant coherent potential approximation},
  journal = { Phys. Rev. B},
  year = {2002},
  volume = {66},
  pages = {214206},
  month = {  },
  issue = { },
  numpages = { },
  publisher = {APS}
}

@ARTICLE{asr,
  author = {Abhijit Datta and Abhijit Mookerjee},
  title = {Recursion in augmented space.},
  journal = {Int. J. Mod. Phys. B},
  year = {1992},
  volume = {6},
  pages = {3295},
  month = {  },
  issue = { },
  numpages = { },
  publisher = {World Scientific}
}
@ARTICLE{tca,
  author = {R. Mills and P. Ratnavaraksa},
  title = {Travelling cluster approximation.},
  journal = {Phys. Rev. B},
  year = {1978},
  volume = {18},
  pages = {5291},
  month = {  },
  issue = { },
  numpages = { },
  publisher = {APS}
}
@ARTICLE{asr3,
  author = {T. Saha and I. Dasgupta and  A. Mookerjee},
  title = {An augmented space recursive technique for the study of short 
ranged ordering effects in binary alloys.}, 
  journal = {Phys. Rev. B},
  year = {1994},
  volume = {50},
  pages = {13267},
  month = {  },
  issue = { },
  numpages = { },
  publisher = {APS}
}
@ARTICLE{asr2,
  author = {Abhijit Mookerjee and Rajendra Prasad},
  title = {An augmented space approach to correlated disorder.}, 
  journal = {Phys. Rev. B},
  year = {1993},
  volume = {48},
  pages = {17724},
  month = {  },
  issue = { },
  numpages = { },
  publisher = {APS}
}
@ARTICLE{lmto,
  author = {O.K. Andersen and Ove Jepsen},
  title = { }, 
  journal = {Phys. Rev. Lett.},
  year = {1984},
  volume = {53},
  pages = {2571},
  month = {  },
  issue = { },
  numpages = { },
  publisher = {APS}
}
@ARTICLE{licht2,
  author = {A.I.Lichtenstein and M.I.Katsnelson and V.P. Antropov and V.A.Gubanov},
  title = { }, 
  journal = {J. Phys. F: Metal Phys.},
  year = {1984},
  volume = {14},
  pages = {L125},
  month = {  },
  issue = { },
  numpages = { },
  publisher = {Elsevier}
}
@ARTICLE{licht,
  author = {A.I.Lichtenstein and M.I.Katsnelson and V.P. Antropov and V.A.Gubanov},
  title = { }, 
  journal = {J. Magn. Magn. Materials},
  year = {1987},
  volume = {67},
  pages = {65},
  month = {  },
  issue = { },
  numpages = { },
  publisher = {Elsevier}
}

}
@ARTICLE{shree,
  author = {Shreemoyee Ganguly and Mario Costa and Angela B. Klautau and Anders Bergman and Biplab Sanyal and Abhijit Mookerjee and Olle Ericsson},
  title = {Configuration averaging in disordered systems.}, 
  journal = {Phys. Rev. B},
  year = {2011},
  volume = {83},
  pages = {094407},
  month = {  },
  issue = { },
  numpages = { },
  publisher = {American Physical Society}
}
@ARTICLE{ast,
  author = {A. Mookerjee},
  title = {Configuration averaging in disordered systems.}, 
  journal = {J. Phys C : Solid State Phys},
  year = {1973},
  volume = {6},
  pages = {1340},
  month = {Aug},
  issue = {5},
  numpages = {4},
  publisher = {IOP,UK}
}
@ARTICLE{plascak2005,
  author = {Aguirre Contreras and W. R.  Zamora and E. Ligia  and G.A. P\'erez Alc\'azar and J.A. Plascak},
  title = {Magnetic properties of Fe-Al alloys through Ising and Heisenberg
	models with a nonlinear exchange interaction},
  journal = {Phys. Rev. B},
  year = {2005},
  volume = {72},
  pages = {052402},
  month = {Aug},
  issue = {5},
  numpages = {4},
  publisher = {American Physical Society}
}

@ARTICLE{alcazar1987,
  author = {G A Perez Alcazar and E Galvao da Silva},
  title = {Mossbauer effect study of magnetic properties of Fe 1-q Al q , 0<q≤0.5,
	alloys in the disordered phase},
  journal = {Journal of Physics F: Metal Physics},
  year = {1987},
  volume = {17},
  pages = {2323},
  number = {11}
}

@ARTICLE{garitaonandia2001,
  author = {E. Apiñaniz and J.S. Garitaonandia and F. Plazaola},
  title = {Influence of disorder on the magnetic properties of FeAl alloys:
	theory},
  journal = {Journal of Non-Crystalline Solids},
  year = {2001},
  volume = {287},
  pages = {302 - 307},
  number = {1–3}
}

@ARTICLE{meyer1975,
  author = {M J Besnus and A Herr and A J P Meyer},
  title = {Magnetization of disordered cold-worked Fe-Al alloys up to 51 at.%
	Al},
  journal = {Journal of Physics F: Metal Physics},
  year = {1975},
  volume = {5},
  pages = {2138},
  number = {11}
}

@ARTICLE{bogner1998,
  author = {Bogner, J. and Steiner, W. and Reissner, M. and Mohn, P. and Blaha,
	P. and Schwarz, K. and Krachler, R. and Ipser, H. and Sepiol, B.},
  title = {Magnetic order and defect structure of ${\mathrm{Fe}}_{x}{\mathrm{Al}}_{1-x}$
	alloys around $x=0.5:$\quad{} An experimental and theoretical study},
  journal = {Phys. Rev. B},
  year = {1998},
  volume = {58},
  pages = {14922--14933},
  month = {Dec},
  issue = {22},
  publisher = {American Physical Society}
}

@ARTICLE{bose1997,
  author = {Bose, S. K. and Drchal, V. and Kudrnovsk\'y, J. and Jepsen, O. and
	Andersen, O. K.},
  title = {Theoretical study of ordering in Fe-Al alloys based on a density-functional
	generalized-perturbation method},
  journal = {Phys. Rev. B},
  year = {1997},
  volume = {55},
  pages = {8184--8193},
  month = {Apr},
  issue = {13},
  publisher = {American Physical Society}
}

@ARTICLE{venugopalan2010,
  author = {R. Brajpuriya and P. Sharma and S. Jani and S. Kaimal and T. Shripathi
	and N. Lakshmi and K. Venugopalan},
  title = {Correlation between microstructure, magnetic and electronic properties of FeAl alloys produced by arc melting},
  journal = {Applied Surface Science},
  year = {2010},
  volume = {257},
  pages = {10 - 16},
  number = {1},
  keywords = {Transition metal aluminides}
}

@ARTICLE{sellmyer1973,
  author = {G.R. Caskey and J.M. Franz and D.J. Sellmyer},
  title = {Electronic and magnetic states in metallic compound—II: Electron
	transport and magnetic susceptibility in NiAl and FeAl},
  journal = {Journal of Physics and Chemistry of Solids},
  year = {1973},
  volume = {34},
  pages = {1179 - 1198},
  number = {7}
}

@ARTICLE{plascak2011,
  author = {D.A. Dias and J.A. Plascak},
  title = {Site-diluted Blume–Capel model for the Fe–Al disordered alloys},
  journal = {Physics Letters A},
  year = {2011},
  volume = {375},
  pages = {2089 - 2093},
  number = {21},
  keywords = {Site diluted Blume–Capel model}
}

@ARTICLE{alcazar2009,
  author = {D.A. Dias and J. Ricardo de Sousa and J.A. Plascak},
  title = {Ising model for the alloys according to the effective field theory},
  journal = {Physics Letters A},
  year = {2009},
  volume = {373},
  pages = {3513 - 3515},
  number = {39},
  keywords = {Phase transition}
}

@ARTICLE{plascak2009,
  author = {D.A. Dias and J. Ricardo de Sousa and J.A. Plascak},
  title = {Ising model for the alloys according to the effective field theory},
  journal = {Physics Letters A},
  year = {2009},
  volume = {373},
  pages = {3513 - 3515},
  number = {39},
  keywords = {Phase transition}
}

@ARTICLE{thomas1984,
  author = {H. Domke and L.K. Thomas},
  title = {Vacancies and magnetic properties of FeAl-alloys},
  journal = {Journal of Magnetism and Magnetic Materials},
  year = {1984},
  volume = {45},
  pages = {305 - 308},
  number = {2–3}
}

@ARTICLE{gautier1976,
  author = {F Ducastelle and F Gautier},
  title = {Generalized perturbation theory in disordered transitional alloys:
	Applications to the calculation of ordering energies},
  journal = {Journal of Physics F: Metal Physics},
  year = {1976},
  volume = {6},
  pages = {2039},
  number = {11}
}

@ARTICLE{moreno2012,
  author = {A.S. Freitas and D.F. de Albuquerque and N.O. Moreno},
  title = {A new theoretical approach to the Fe1−qAlq in the bcc lattice by
	employing effective field theory},
  journal = {Physica A: Statistical Mechanics and its Applications},
  year = {2012},
  volume = {391},
  pages = {6332 - 6336},
  number = {24},
  keywords = {FeAl alloys}
}

@ARTICLE{gialanella1998,
  author = {S. Gialanella and X. Amils and M.D. Barò and P. Delcroix and G. Le
	Caër and L. Lutterotti and S. Suriñach},
  title = {Microstructural and kinetic aspects of the transformations induced
	in a FeAl alloy by ball-milling and thermal treatments},
  journal = {Acta Materialia},
  year = {1998},
  volume = {46},
  pages = {3305 - 3316},
  number = {9}
}

@ARTICLE{grest1980,
  author = {Grest, G. S.},
  title = {Monte Carlo study of the transition from a ferromagnet to a spin
	glass in Fe-Al alloys},
  journal = {Phys. Rev. B},
  year = {1980},
  volume = {21},
  pages = {165--168},
  month = {Jan},
  issue = {1},
  publisher = {American Physical Society}
}

@ARTICLE{gu1992,
  author = {Y M Gu and L Fritsche},
  title = {Electronic structure of antistructure defects in FeAl},
  journal = {Journal of Physics: Condensed Matter},
  year = {1992},
  volume = {4},
  pages = {1905},
  number = {8}
}

@ARTICLE{fisher1967,
  author = {G. P. Huffman and R. M. Fisher},
  title = {M[o-umlaut]ssbauer Studies of Ordered and Cold-Worked Fe[Single Bond]Al
	Alloys Containing 30 to 50 at. % Aluminum},
  journal = {Journal of Applied Physics},
  year = {1967},
  volume = {38},
  pages = {735-742},
  number = {2},
  publisher = {AIP}
}

@ARTICLE{kulikov1999,
  author = {Kulikov, N. I. and Postnikov, A. V. and Borstel, G. and Braun, J.},
  title = {Onset of magnetism in $B2$ transition-metal aluminides},
  journal = {Phys. Rev. B},
  year = {1999},
  volume = {59},
  pages = {6824--6833},
  month = {Mar},
  issue = {10},
  publisher = {American Physical Society}
}

@ARTICLE{Liechtenstein1987,
  author = {A.I. Liechtenstein and M.I. Katsnelson and V.P. Antropov and V.A.
	Gubanov},
  title = {Local spin density functional approach to the theory of exchange
	interactions in ferromagnetic metals and alloys},
  journal = {Journal of Magnetism and Magnetic Materials},
  year = {1987},
  volume = {67},
  pages = {65 - 74},
  number = {1}
}

@ARTICLE{Liechtenstein1984,
  author = {A I Liechtenstein and M I Katsnelson and V A Gubanov},
  title = {Exchange interactions and spin-wave stiffness in ferromagnetic metals},
  journal = {Journal of Physics F: Metal Physics},
  year = {1984},
  volume = {14},
  pages = {L125},
  number = {7}
}

@ARTICLE{mohn2001,
  author = {Mohn, P. and Persson, C. and Blaha, P. and Schwarz, K. and Nov\'ak,
	P. and Eschrig, H.},
  title = {Correlation Induced Paramagnetic Ground State in FeAl},
  journal = {Phys. Rev. Lett.},
  year = {2001},
  volume = {87},
  pages = {196401},
  month = {Oct},
  issue = {19},
  numpages = {4},
  publisher = {American Physical Society}
}

@ARTICLE{plascak2000,
  author = {Plascak, J. A. and Zamora, Ligia E. and P\'erez Alcazar, G. A.},
  title = {Ising model for disordered ferromagnetic $\mathrm{Fe}-\mathrm{Al}$
	alloys},
  journal = {Phys. Rev. B},
  year = {2000},
  volume = {61},
  pages = {3188--3191},
  month = {Feb},
  issue = {5},
  publisher = {American Physical Society}
}

@ARTICLE{nigam1995,
  author = {S. Radha and A.K. Nigam and S.K. Malik and Girish Chandra},
  title = {Susceptibility and electrical resistivity of AuCr alloys},
  journal = {Journal of Magnetism and Magnetic Materials},
  year = {1995},
  volume = {144, Part 1},
  pages = {101 - 102},
  number = {0},
  note = {International Conference on Magnetism}
}

@ARTICLE{restrepo2001,
  author = {J. Restrepo and G. A. Perez Alcazar and D. P. Landau},
  title = {Magnetism of Fe--Al disordered alloys: An Ising--Monte Carlo approach},
  journal = {Journal of Applied Physics},
  year = {2001},
  volume = {89},
  pages = {7341-7343},
  number = {11},
  keywords = {magnetic susceptibility; magnetisation; Ising model; specific heat;
	ferromagnetic materials; paramagnetic materials; iron alloys; aluminium
	alloys; random processes; Monte Carlo methods},
  publisher = {AIP}
}

@ARTICLE{restrepo1997,
  author = {J. Restrepo and J. M. Gonzalez and G. A. Perez Alcazar},
  title = {Monte Carlo study of the magnetic properties of Fe-rich Al--Fe disordered
	alloys},
  journal = {Journal of Applied Physics},
  year = {1997},
  volume = {81},
  pages = {5270-5272},
  number = {8},
  keywords = {iron alloys; aluminium alloys; ferromagnetic materials; Monte Carlo
	methods; Ising model},
  publisher = {AIP}
}

@ARTICLE{plascak2002,
  author = {M. Salazar and Ligia E. Zamora and G.A. Pérez Alcazar and J.A. Plascak
	and W.R. Aguirre},
  title = {Site-diluted quantum Heisenberg spin model applied to the magnetic
	properties of Fe–Al disordered alloys},
  journal = {Physica B: Condensed Matter},
  year = {2002},
  volume = {320},
  pages = {236 - 238},
  number = {1–4},
  note = {<ce:title>Proceedings of the Fifth Latin American Workshop on Magnetism,
	Magnetic Materials and their Applications</ce:title>},
  keywords = {Fe–Al alloys}
}

@ARTICLE{plascak2011a,
  author = {J.B. Santos-Filho and J.A. Plascak},
  title = {Monte Carlo simulations of the site-diluted three-dimensional XY
	model},
  journal = {Computer Physics Communications},
  year = {2011},
  volume = {182},
  pages = {1130 - 1133},
  number = {5},
  keywords = {3d XY model}
}

@ARTICLE{nakamura1976,
  author = {Masayuki Shiga and Yoji Nakamura},
  title = {M\"{o}ssbauer Study of bcc Fe-Al Alloys near the Critical Concentration},
  journal = {Journal of the Physical Society of Japan},
  year = {1976},
  volume = {40},
  pages = {1295-1299},
  number = {5},
  numpages = {4},
  publisher = {The Physical Society of Japan}
}

@ARTICLE{sukla1980,
  author = {Shukla, Prabodh and Wortis, Michael},
  title = {Spin-glass behavior in iron-aluminum alloys: A microscopic model},
  journal = {Phys. Rev. B},
  year = {1980},
  volume = {21},
  pages = {159--164},
  month = {Jan},
  issue = {1},
  publisher = {American Physical Society}
}

@ARTICLE{johnson2005,
  author = {Smirnov, A. V. and Shelton, W. A. and Johnson, D. D.},
  title = {Importance of thermal disorder on the properties of alloys: Origin
	of paramagnetism and structural anomalies in bcc-based ${\mathrm{Fe}}_{1$-${}x}{\mathrm{Al}}_{x}$},
  journal = {Phys. Rev. B},
  year = {2005},
  volume = {71},
  pages = {064408},
  month = {Feb},
  issue = {6},
  numpages = {6},
  publisher = {American Physical Society}
}

@ARTICLE{nakamura1990,
  author = {Kenji Sumiyama and Yasuhiro Hirose and Yoji Nakamura},
  title = {Structural and Magnetic Properties of Nonequilibrium Disordered Fe-Al
	Alloys Produced by Facing Target Type DC Sputtering},
  journal = {Journal of the Physical Society of Japan},
  year = {1990},
  volume = {59},
  pages = {2963-2970},
  number = {8},
  numpages = {7},
  publisher = {The Physical Society of Japan}
}

@ARTICLE{swiderczak1988,
  author = {K Swiderczak},
  title = {Magnetic phase diagrams of Fe 1- x Al x concentrated spin glass alloys
	- interpretation in terms of short range chemical order and clustering},
  journal = {Physica Scripta},
  year = {1988},
  volume = {38},
  pages = {885},
  number = {6}
}

@ARTICLE{voronina2005,
  author = {Szyma\ifmmode \acute{n}\else \'{n}\fi{}ski, K. and Satu\l{}a, D.
	and Dobrzy\ifmmode \acute{n}\else \'{n}\fi{}ski, L. and Voronina,
	E. and Yelsukov, E. P. and Miyanaga, T.},
  title = {Arrangements of magnetic moments in nanocrystalline ${\mathrm{Fe}}_{48}{\mathrm{Al}}_{52}$},
  journal = {Phys. Rev. B},
  year = {2005},
  volume = {72},
  pages = {104409},
  month = {Sep},
  issue = {10},
  numpages = {12},
  publisher = {American Physical Society}
}

@ARTICLE{voronina1992,
  author = {E.P. Yelsukov and E.V. Voronina and V.A. Barinov},
  title = {Mössbauer study of magnetic properties formation in disordered Fe-Al
	alloys},
  journal = {Journal of Magnetism and Magnetic Materials},
  year = {1992},
  volume = {115},
  pages = {271 - 280},
  number = {2–3}
}

@ARTICLE{zunger1990,
  author = {Zunger, Alex and Wei, S.-H. and Ferreira, L. G. and Bernard, James
	E.},
  title = {Special quasirandom structures},
  journal = {Phys. Rev. Lett.},
  year = {1990},
  volume = {65},
  pages = {353--356},
  month = {Jul},
  issue = {3},
  publisher = {American Physical Society}
}

